%% This BibTeX bibliography file was created using BibDesk.
%% https://bibdesk.sourceforge.io/

%% Created for Jake Bowers at 2019-08-22 12:30:55 -0500 


%% Saved with string encoding Unicode (UTF-8) 



@article{hosman2010,
	Author = {Hosman, Carrie A and Hansen, Ben B. and Holland, Paul W.},
	Date-Added = {2019-08-22 12:30:10 -0500},
	Date-Modified = {2019-08-22 12:30:10 -0500},
	Journal = {The Annals of Applied Statistics},
	Number = {2},
	Pages = {849--870},
	Title = {The sensitivity of linear regression coefficients's confidence limits to the omission of a confounder},
	Volume = {4},
	Year = {2010}}

@article{rosenbaumsilber2009,
	Author = {Rosenbaum, Paul R and Silber, Jeffrey H},
	Date-Added = {2019-08-22 12:30:10 -0500},
	Date-Modified = {2019-08-22 12:30:10 -0500},
	Journal = {Journal of the American Statistical Association},
	Number = {488},
	Pages = {1398--1405},
	Title = {Amplification of sensitivity analysis in matched observational studies},
	Volume = {104},
	Year = {2009}}

@article{rosenbaumtwo,
	Author = {Rosenbaum, Paul R},
	Date-Added = {2019-08-22 12:30:10 -0500},
	Date-Modified = {2019-08-22 12:30:10 -0500},
	Journal = {Observational Studies},
	Number = {1},
	Pages = {1--17},
	Title = {Two R Packages for Sensitivity Analysis in Observational Studies},
	Volume = {1},
	Year = {2015},
	Bdsk-Url-1 = {http://obsstudies.org/files/packpaperos_published.pdf}}

@article{adda2014crime,
	Author = {Adda, J{\'e}r{\^o}me and McConnell, Brendon and Rasul, Imran},
	Journal = {Journal of Political Economy},
	Number = {5},
	Pages = {1130--1202},
	Publisher = {University of Chicago Press Chicago, IL},
	Title = {Crime and the depenalization of cannabis possession: Evidence from a policing experiment},
	Volume = {122},
	Year = {2014}}

@article{anderson2014legalization,
	Author = {Anderson, D Mark and Rees, Daniel I and others},
	Journal = {Journal of Policy Analysis and Management},
	Number = {1},
	Pages = {221--232},
	Publisher = {John Wiley and Sons},
	Title = {The legalization of recreational marijuana: how likely is the worst-case scenario},
	Volume = {33},
	Year = {2014}}

@article{arraras2014inventando,
	Author = {Arraras, A and Bello-Pardo, E},
	Journal = {Cooperation and drug policies in the Americas: Trends in the twenty-first century},
	Pages = {173--197},
	Publisher = {Lexington Books Lanham, MD},
	Title = {Inventando Caminos: cannabis regulation in Uruguay},
	Year = {2014}}

@article{beaman2009powerful,
	Author = {Beaman, Lori and Chattopadhyay, Raghabendra and Duflo, Esther and Pande, Rohini and Topalova, Petia},
	Journal = {The Quarterly journal of economics},
	Number = {4},
	Pages = {1497--1540},
	Publisher = {MIT Press},
	Title = {Powerful women: does exposure reduce bias?},
	Volume = {124},
	Year = {2009}}

@article{becker2013have,
	Author = {Becker, Gary S and Murphy, Kevin M},
	Journal = {Wall Street Journal},
	Title = {Have we lost the war on drugs?},
	Volume = {4},
	Year = {2013}}

@article{bennett1994determinants,
	Author = {Bennett, Richard R and Flavin, Jeanne M},
	Journal = {Justice Quarterly},
	Number = {3},
	Pages = {357--381},
	Publisher = {Taylor \& Francis},
	Title = {Determinants of fear of crime: The effect of cultural setting},
	Volume = {11},
	Year = {1994}}

@unpublished{boidi2016,
	Author = {Boidi, Fernanda},
	Date-Added = {2019-08-15 10:46:31 -0400},
	Date-Modified = {2019-08-15 10:49:49 -0400},
	Note = {Presented at Monitor Cannabis Seminar on Cannabis Regulation},
	Title = {Expense of cannabis in pharmacies},
	Url = {http://monitorcannabis.uy/ii-expendio-en-farmacias/},
	Year = {2016},
	Bdsk-Url-1 = {http://monitorcannabis.uy/ii-expendio-en-farmacias/}}

@article{braakmann2014cannabis,
	Author = {Braakmann, Nils and Jones, Simon},
	Date-Added = {2019-07-25 15:25:38 -0700},
	Date-Modified = {2019-07-25 15:25:38 -0700},
	Journal = {Social Science \& Medicine},
	Pages = {29--37},
	Publisher = {Elsevier},
	Title = {Cannabis depenalisation, drug consumption and crime--Evidence from the 2004 cannabis declassification in the UK},
	Volume = {115},
	Year = {2014}}

@article{brinkman2017not,
	Author = {Brinkman, Jeffrey and Mok-Lamme, David},
	Date-Added = {2019-07-25 15:25:38 -0700},
	Date-Modified = {2019-07-25 15:25:38 -0700},
	Title = {Not in My Backyard? Not So Fast. The Effect of Marijuana Legalization on Neighborhood Crime},
	Year = {2017}}

@article{brinkman2019not,
  title={Not in my backyard? not so fast. the effect of marijuana legalization on neighborhood crime},
  author={Brinkman, Jeffrey and Mok-Lamme, David},
  journal={Regional Science and Urban Economics},
  volume={78},
  pages={103460},
  year={2019},
  publisher={Elsevier}
}

@article{brothers2003substance,
	Author = {Brothers, Dana C},
	Date-Added = {2019-07-25 15:25:38 -0700},
	Date-Modified = {2019-07-25 15:25:38 -0700},
	Journal = {Perspectives on Canadian Drug Policy},
	Pages = {76},
	Title = {Substance abuse and crime: An analysis of the relationship and its impact on Canadian drug policy},
	Year = {2003}}

@article{brunton2011neighborhoods,
	Author = {Brunton-Smith, Ian and Sturgis, Patrick},
	Journal = {Criminology},
	Number = {2},
	Pages = {331--369},
	Publisher = {Wiley Online Library},
	Title = {Do neighborhoods generate fear of crime? An empirical test using the British Crime Survey},
	Volume = {49},
	Year = {2011}}

@book{caulkins2015considering,
	Author = {Caulkins, Jonathan P and Kilmer, Beau and Kleiman, Mark AR and MacCoun, Robert J and Midgette, Gregory and Oglesby, Pat and Pacula, Rosalie Liccardo and Reuter, Peter H},
	Publisher = {Rand Corporation},
	Title = {Considering marijuana legalization: Insights for Vermont and other jurisdictions},
	Year = {2015}}

@book{caulkins2016marijuana,
	Author = {Caulkins, Jonathan P and Kilmer, Beau and Kleiman, Mark AR},
	Date-Added = {2019-07-25 15:25:38 -0700},
	Date-Modified = {2019-07-25 15:25:38 -0700},
	Publisher = {Oxford University Press},
	Title = {Marijuana Legalization: What Everyone Needs to Know{\textregistered}},
	Year = {2016}}

@article{cruz2009public,
	Author = {Cruz, Jos{\'e} Miguel},
	Journal = {Perspectivas desde el Bar{\'o}meto de las Am{\'e}ricas},
	Number = {28},
	Title = {Public Insecurity in Central America and Mexico},
	Year = {2009}}

@article{chu2019joint,
	Author = {Chu, Yu-Wei Luke and Townsend, Wilbur},
	Date-Added = {2019-07-25 15:25:38 -0700},
	Date-Modified = {2019-07-25 15:25:38 -0700},
	Journal = {Journal of Economic Behavior \& Organization},
	Pages = {502--525},
	Publisher = {Elsevier},
	Title = {Joint culpability: The effects of medical marijuana laws on crime},
	Volume = {159},
	Year = {2019}}

@article{dragone2019crime,
	Author = {Dragone, Davide and Prarolo, Giovanni and Vanin, Paolo and Zanella, Giulio},
	Journal = {Journal of Economic Behavior \& Organization},
	Pages = {488--501},
	Publisher = {Elsevier},
	Title = {Crime and the legalization of recreational marijuana},
	Volume = {159},
	Year = {2019}}

@book{dunning2012natural,
	Author = {Dunning, Thad},
	Date-Added = {2019-07-25 15:25:38 -0700},
	Date-Modified = {2019-07-25 15:25:38 -0700},
	Publisher = {Cambridge University Press},
	Title = {Natural experiments in the social sciences: a design-based approach},
	Year = {2012}}


@article{eisner2016achieving,
  title={Achieving population-level violence declines: implications of the international crime drop for prevention programming},
  author={Eisner, Manuel and Nivette, Amy and Murray, Aja Louise and Krisch, Maria},
  journal={Journal of public health policy},
  volume={37},
  number={1},
  pages={66--80},
  year={2016},
  publisher={Springer}}

@article{freisthler2016micro,
	Author = {Freisthler, Bridget and Ponicki, William R and Gaidus, Andrew and Gruenewald, Paul J},
	Date-Added = {2019-07-25 15:25:38 -0700},
	Date-Modified = {2019-07-25 15:25:38 -0700},
	Journal = {Addiction},
	Number = {6},
	Pages = {1027--1035},
	Publisher = {Wiley Online Library},
	Title = {A micro-temporal geospatial analysis of medical marijuana dispensaries and crime in Long Beach, California},
	Volume = {111},
	Year = {2016}}

@article{freisthler2017medical,
  title={From medical to recreational marijuana sales: marijuana outlets and crime in an era of changing marijuana legislation},
  author={Freisthler, Bridget and Gaidus, Andrew and Tam, Christina and Ponicki, William R and Gruenewald, Paul J},
  journal={The journal of primary prevention},
  volume={38},
  number={3},
  pages={249--263},
  year={2017},
  publisher={Springer}
}

@article{gavrilova2014legal,
	Author = {Gavrilova, Evelina and Kamada, Takuma and Zoutman, Floris},
	Date-Added = {2019-07-25 15:25:38 -0700},
	Date-Modified = {2019-07-25 15:25:38 -0700},
	Journal = {The Economic Journal},
	Publisher = {Wiley Online Library},
	Title = {Is legal pot crippling Mexican drug trafficking organisations? The effect of medical marijuana laws on US crime},
	Year = {2014}}

@book{goertz2006social,
  title={Social science concepts: A user's guide},
  author={Goertz, Gary},
  year={2006},
  publisher={Princeton University Press}
}

@book{gottfredson1990general,
	Author = {Gottfredson, Michael R and Hirschi, Travis},
	Date-Added = {2019-07-25 15:25:38 -0700},
	Date-Modified = {2019-07-25 15:25:38 -0700},
	Publisher = {Stanford University Press},
	Title = {A general theory of crime.},
	Year = {1990}}

@article{gramlich5facts,
	Author = {Gramlich, J},
	Date-Added = {2019-07-25 15:25:38 -0700},
	Date-Modified = {2019-07-25 15:25:38 -0700},
	Journal = {Retrieved January},
	Pages = {5},
	Title = {facts about crime in the US Pew Research Center},
	Volume = {30},
	Year = {2018}}

@article{green2003being,
	Author = {Green, BOB and Kavanagh, David and Young, Ross},
	Journal = {Drug and alcohol review},
	Number = {4},
	Pages = {453--460},
	Publisher = {Wiley Online Library},
	Title = {Being stoned: a review of self-reported cannabis effects},
	Volume = {22},
	Year = {2003}}

@article{no2001health,
	Author = {Hall, W. and Degenhardt, L. and Lynskey, M.},
	Journal = {.},
	Title = {The health and psychological effects of cannabis use},
	Year = {2001}}

@techreport{hao2017cross,
	Author = {Hao, Zhuang and Cowan, Benjamin},
	Date-Added = {2019-07-25 15:25:38 -0700},
	Date-Modified = {2019-07-25 15:25:38 -0700},
	Institution = {National Bureau of Economic Research},
	Title = {The cross-border spillover effects of recreational marijuana legalization},
	Year = {2017}}

@article{huber2016cannabis,
	Author = {Huber III, Arthur and Newman, Rebecca and LaFave, Daniel},
	Date-Added = {2019-07-25 15:25:38 -0700},
	Date-Modified = {2019-07-25 15:25:38 -0700},
	Journal = {The BE Journal of Economic Analysis \& Policy},
	Number = {4},
	Publisher = {De Gruyter},
	Title = {Cannabis Control and Crime: Medicinal Use, Depenalization and the War on Drugs},
	Volume = {16},
	Year = {2016}}

@article{Indigo:2016,
	Author = {Ingino, F.},
	Date-Added = {2019-07-25 15:25:38 -0700},
	Date-Modified = {2019-07-25 15:25:38 -0700},
	Journal = {Mimeo},
	Title = {{T}he Heterogeneous Effect of Medical Marijuana Laws},
	Year = {2016}}

@article{james2018recent,
	Author = {James, Nathan},
	Date-Added = {2019-07-25 15:25:38 -0700},
	Date-Modified = {2019-07-25 15:25:38 -0700},
	Journal = {R45236},
	Title = {Recent Violent Crime Trends in the United States},
	Year = {2018}}

@article{kelly2014policing,
	Author = {Kelly, Elaine and Rasul, Imran},
	Journal = {Journal of Public Economics},
	Pages = {89--114},
	Publisher = {Elsevier},
	Title = {Policing cannabis and drug related hospital admissions: Evidence from administrative records},
	Volume = {112},
	Year = {2014}}

@article{mcbride1993drugs,
	Author = {McBride, Duane C and McCoy, Clyde B},
	Date-Added = {2019-07-25 15:25:38 -0700},
	Date-Modified = {2019-07-25 15:25:38 -0700},
	Journal = {The Prison Journal},
	Number = {3},
	Pages = {257--278},
	Publisher = {Sage Publications Sage CA: Los Angeles, CA},
	Title = {The drugs-crime relationship: An analytical framework},
	Volume = {73},
	Year = {1993}}

@article{morris2014effect,
	Author = {Morris, Robert G and TenEyck, Michael and Barnes, James C and Kovandzic, Tomislav V},
	Date-Added = {2019-07-25 15:25:38 -0700},
	Date-Modified = {2019-07-25 15:25:38 -0700},
	Journal = {PloS one},
	Number = {3},
	Pages = {e92816},
	Publisher = {Public Library of Science},
	Title = {The effect of medical marijuana laws on crime: evidence from state panel data, 1990-2006},
	Volume = {9},
	Year = {2014}}

@book{national1994understanding,
	Author = {National Research Council and others},
	Date-Added = {2019-07-25 15:25:38 -0700},
	Date-Modified = {2019-07-25 15:25:38 -0700},
	Publisher = {National Academies Press},
	Title = {Understanding and preventing violence, volume 3: social influences},
	Volume = {3},
	Year = {1994}}

@techreport{pacula2003marijuana,
	Author = {Pacula, Rosalie Liccardo and Kilmer, Beau},
	Date-Added = {2019-07-25 15:25:38 -0700},
	Date-Modified = {2019-07-25 15:25:38 -0700},
	Institution = {National bureau of economic research},
	Title = {Marijuana and crime: Is there a connection beyond prohibition?},
	Year = {2003}}

@article{paternain2008panorama,
	Author = {Paternain, Rafael and Donnangelo, J and Vila, A and Gonz{\'a}lez, V},
	Date-Added = {2019-07-25 15:25:38 -0700},
	Date-Modified = {2019-07-25 15:25:38 -0700},
	Journal = {Montevideo, Uruguay: Ministerio del Interior y Programa de las Naciones Unidas para el Desarrollo},
	Title = {Panorama de la violencia, la criminalidad y la inseguridad en Uruguay. Datos, tendencias y perspectivas},
	Year = {2008}}

@article{shepard2016medical,
	Author = {Shepard, Edward M and Blackley, Paul R},
	Date-Added = {2019-07-25 15:25:38 -0700},
	Date-Modified = {2019-07-25 15:25:38 -0700},
	Journal = {Journal of Drug Issues},
	Number = {2},
	Pages = {122--134},
	Publisher = {SAGE Publications Sage CA: Los Angeles, CA},
	Title = {Medical marijuana and crime: Further evidence from the western states},
	Volume = {46},
	Year = {2016}}

@article{white2000dynamics,
	Author = {White, Helene R and Gorman, Dennis M},
	Date-Added = {2019-07-25 15:25:38 -0700},
	Date-Modified = {2019-07-25 15:25:38 -0700},
	Journal = {Criminal justice},
	Number = {15},
	Pages = {1--218},
	Title = {Dynamics of the drug-crime relationship},
	Volume = {1},
	Year = {2000}}

@article{gelman2008weakly,
	Author = {Gelman, Andrew and Jakulin, Aleks and Pittau, Maria Grazia and Su, Yu-Sung and others},
	Date-Added = {2019-07-25 15:06:57 -0700},
	Date-Modified = {2019-07-25 15:06:57 -0700},
	Journal = {The Annals of Applied Statistics},
	Number = {4},
	Pages = {1360--1383},
	Publisher = {Institute of Mathematical Statistics},
	Title = {A weakly informative default prior distribution for logistic and other regression models},
	Volume = {2},
	Year = {2008}}

@article{zubizarreta2017optimal,
	Author = {Zubizarreta, Jos{\'e} R and Keele, Luke},
	Date-Added = {2019-07-25 15:01:39 -0700},
	Date-Modified = {2019-07-25 15:01:39 -0700},
	Journal = {Journal of the American Statistical Association},
	Number = {518},
	Pages = {547--560},
	Publisher = {Taylor \& Francis},
	Title = {Optimal multilevel matching in clustered observational studies: A case study of the effectiveness of private schools under a large-scale voucher system},
	Volume = {112},
	Year = {2017}}

@article{pimentel2018optimal,
	Author = {Pimentel, Samuel D and Page, Lindsay C and Lenard, Matthew and Keele, Luke and others},
	Date-Added = {2019-07-25 14:59:09 -0700},
	Date-Modified = {2019-07-25 14:59:09 -0700},
	Journal = {The Annals of Applied Statistics},
	Number = {3},
	Pages = {1479--1505},
	Publisher = {Institute of Mathematical Statistics},
	Title = {Optimal multilevel matching using network flows: An application to a summer reading intervention},
	Volume = {12},
	Year = {2018}}

@article{rosenbaum2010design,
	Author = {Rosenbaum, P R},
	Date-Added = {2019-07-25 14:49:57 -0700},
	Date-Modified = {2019-07-25 14:49:57 -0700},
	Journal = {Springer series in statistics},
	Publisher = {New York [etc.]: Springer},
	Title = {{Design of observational studies}},
	Year = {2010}}

@article{rose:char:1991,
	Author = {Rosenbaum, Paul R.},
	Date-Added = {2019-07-25 14:49:46 -0700},
	Date-Modified = {2019-07-25 14:49:46 -0700},
	Journal = {Journal of the Royal Statistical Society, Series B: Methodological},
	Keywords = {Matching},
	Pages = {597--610},
	Title = {A Characterization of Optimal Designs for Observational Studies},
	Volume = {53},
	Year = {1991}}

@article{rose:opti:1989,
	Author = {Rosenbaum, Paul R.},
	Date-Added = {2019-07-25 14:49:46 -0700},
	Date-Modified = {2019-07-25 14:49:46 -0700},
	Journal = {Journal of the American Statistical Association},
	Keywords = {Network; Computation},
	Pages = {1024--1032},
	Title = {Optimal Matching for Observational Studies},
	Volume = {84},
	Year = {1989}}

@article{hansen:2004,
	Author = {Hansen, B.B.},
	Date-Added = {2019-07-25 14:49:23 -0700},
	Date-Modified = {2019-07-25 14:49:23 -0700},
	Journal = {Journal of the American Statistical Association},
	Month = {9},
	Number = {467},
	Pages = {609-618},
	Title = {Full matching in an observational study of coaching for the {SAT}},
	Volume = {99},
	Year = {2004}}

@techreport{hansen:klopfer:2004,
	Author = {Hansen, Ben B. and Klopfer, Stephanie Olsen},
	Date-Added = {2019-07-25 14:49:23 -0700},
	Date-Modified = {2019-07-25 14:49:23 -0700},
	Institution = {Statistics Department, University of Michigan},
	Keywords = {matched sampling, minimum cost flow, nonrandom treatment assignment, observational study, quasiexperiment, subclassification},
	Local-Url = {~/Private/projects/fmalgorithms/fmaNov04.pdf},
	Month = {March},
	Number = {416},
	Title = {Optimal full matching and related designs via network flows},
	Year = {2005}}

@article{hansen2008cbs,
	Author = {Hansen, B.B. and Bowers, J.},
	Date-Added = {2019-07-25 14:49:07 -0700},
	Date-Modified = {2019-07-25 14:49:07 -0700},
	Journal = {Statistical Science},
	Pages = {219},
	Title = {Covariate Balance in Simple, Stratified and Clustered Comparative Studies},
	Volume = {23},
	Year = {2008},
	Bdsk-File-1 = {YnBsaXN0MDDSAQIDBFxyZWxhdGl2ZVBhdGhZYWxpYXNEYXRhXxBWLi4vLi4vLi4vLi4vLi4vUGFwZXJzL0hhbnNlbi9Db3ZhcmlhdGUgQmFsYW5jZSBpbiBTaW1wbGUsIFN0cmF0aWZpZWQgYW5kIENsdXN0ZXJlZC5wZGZPEQIqAAAAAAIqAAIAAAxNYWNpbnRvc2ggSEQAAAAAAAAAAAAAAAAAAADBqKWuSCsAAADPS/0fQ292YXJpYXRlIEJhbGFuY2UgaW4jQ0Y0QkZGLnBkZgAAAAAAAAAAAAAAAAAAAAAAAAAAAAAAAAAAAAAAAAAAAM9L/8WkjrsAAAAAAAAAAAAFAAMAAAkgAAAAAAAAAAAAAAAAAAAABkhhbnNlbgAQAAgAAMGo+g4AAAARAAgAAMWk4xsAAAABABQAz0v9AJgq/QAEiyEABIsZAABp1AACAE9NYWNpbnRvc2ggSEQ6VXNlcnM6bWFyazpEb2N1bWVudHM6UGFwZXJzOkhhbnNlbjpDb3ZhcmlhdGUgQmFsYW5jZSBpbiNDRjRCRkYucGRmAAAOAHQAOQBDAG8AdgBhAHIAaQBhAHQAZQAgAEIAYQBsAGEAbgBjAGUAIABpAG4AIABTAGkAbQBwAGwAZQAsACAAUwB0AHIAYQB0AGkAZgBpAGUAZAAgAGEAbgBkACAAQwBsAHUAcwB0AGUAcgBlAGQALgBwAGQAZgAPABoADABNAGEAYwBpAG4AdABvAHMAaAAgAEgARAASAFxVc2Vycy9tYXJrL0RvY3VtZW50cy9QYXBlcnMvSGFuc2VuL0NvdmFyaWF0ZSBCYWxhbmNlIGluIFNpbXBsZSwgU3RyYXRpZmllZCBhbmQgQ2x1c3RlcmVkLnBkZgATAAEvAAAVAAIAC///AAAACAANABoAJAB9AAAAAAAAAgEAAAAAAAAABQAAAAAAAAAAAAAAAAAAAqs=},
	Bdsk-File-2 = {YnBsaXN0MDDSAQIDBFxyZWxhdGl2ZVBhdGhZYWxpYXNEYXRhXxAqLi4vLi4vLi4vRHJvcGJveC9QQVBFUlMvaGFuc2VuMjAwOGNiczAucGRmTxEBYgAAAAABYgACAAAMTWFjaW50b3NoIEhEAAAAAAAAAAAAAAAAAAAAAAAAAEJEAAH/////EmhhbnNlbjIwMDhjYnMwLnBkZgAAAAAAAAAAAAAAAAAAAAAAAAAAAAAAAAAAAAAAAAAAAAAAAAAAAAAAAAAAAP////8AAAAAAAAAAAAAAAAAAwADAAAKIGN1AAAAAAAAAAAAAAAAAAZQQVBFUlMAAgAyLzpVc2Vyczpqd2Jvd2VyczpEcm9wYm94OlBBUEVSUzpoYW5zZW4yMDA4Y2JzMC5wZGYADgAmABIAaABhAG4AcwBlAG4AMgAwADAAOABjAGIAcwAwAC4AcABkAGYADwAaAAwATQBhAGMAaQBuAHQAbwBzAGgAIABIAEQAEgAwVXNlcnMvandib3dlcnMvRHJvcGJveC9QQVBFUlMvaGFuc2VuMjAwOGNiczAucGRmABMAAS8AABUAAgAP//8AAAAIAA0AGgAkAFEAAAAAAAACAQAAAAAAAAAFAAAAAAAAAAAAAAAAAAABtw==},
	Bdsk-Url-1 = {doi:10.1214/08-STS254}}

@article{Brown:2015,
	Author = {Brown, Seth A},
	Doi = {10.1080/02791072.2015.1056891},
	Issn = {0279-1072},
	Journal = {Journal of Psychoactive Drugs},
	Number = {3},
	Pages = {213--220},
	Pubmed = {26148124},
	Title = {{S}tigma towards {M}arijuana {U}sers and {H}eroin {U}sers.},
	Volume = {47},
	Year = {2015},
	Bdsk-Url-1 = {https://doi.org/10.1080/02791072.2015.1056891}}

@article{Cruz:2016,
	Author = {Cruz, J.M. and Boidi, M.F. and Queirolo, R.},
	Issn = {0968-7637},
	Journal = {Drugs Education Prevention {\&}amp; Policy},
	Pages = {1--10},
	Title = {{S}aying {N}o to {W}eed: {P}ublic {O}pin- ion {T}owards {C}annabis {L}egalisation in {U}ruguay.},
	Volume = {{\textbullet}{\textbullet}{\textbullet}},
	Year = {2016}}

@article{Cruz:2016:1,
	Author = {Cruz, J.M. and Queirolo, R. and Boidi, M.F.},
	Doi = {10.1177/0022042616649005},
	Issn = {0022-0426},
	Journal = {Journal of Drug Issues},
	Number = {4},
	Pages = {308--325},
	Title = {{D}eterminants of {P}ublic {S}upport for {M}arijuana {L}egalization in {U}ruguay, the {U}nited {S}tates, and {E}l {S}alvador.},
	Volume = {46},
	Year = {2016},
	Bdsk-Url-1 = {https://doi.org/10.1177/0022042616649005}}

@book{Dunning:2012,
	Author = {Dunning, T.},
	Doi = {10.1017/CBO9781139084444},
	Publisher = {Cambridge University Press},
	Title = {{N}atural experiments in the social sciences: a design-based approach.},
	Year = {2012},
	Bdsk-Url-1 = {https://doi.org/10.1017/CBO9781139084444}}

@article{Enos:2014,
	Author = {Enos, Ryan D},
	Doi = {10.1073/pnas.1317670111},
	Issn = {0027-8424},
	Journal = {Proceedings of the National Academy of Sciences of the United States of America},
	Number = {10},
	Pages = {3699--3704},
	Pubmed = {24567394},
	Title = {{C}ausal effect of intergroup contact on exclusionary attitudes.},
	Volume = {111},
	Year = {2014},
	Bdsk-Url-1 = {https://doi.org/10.1073/pnas.1317670111}}

@misc{Green:2017,
	Author = {Green, D. P. and Wilke, A. and Cooper, J.},
	Year = {2017}}

@article{goldstein1985drugs,
	Author = {Goldstein, Paul J},
	Journal = {Journal of drug issues},
	Number = {4},
	Pages = {493--506},
	Publisher = {Sage Publications Sage CA: Los Angeles, CA},
	Title = {The drugs/violence nexus: A tripartite conceptual framework},
	Volume = {15},
	Year = {1985}}

@article{Hetzer:2014,
	Author = {Hetzer, H. and Walsh, J.},
	Doi = {10.1080/10714839.2014.11721851},
	Issn = {1071-4839},
	Journal = {NACLA Report on the Americas},
	Number = {2},
	Pages = {33--35},
	Title = {{P}ioneering cannabis regulation in {U}ruguay.},
	Volume = {47},
	Year = {2014},
	Bdsk-Url-1 = {https://doi.org/10.1080/10714839.2014.11721851}}

@article{Makkai:1993,
	Author = {Makkai, T. and McAllister, I.},
	Doi = {10.1177/002204269302300304},
	Issn = {0022-0426},
	Journal = {Journal of Drug Issues},
	Number = {3},
	Pages = {409--427},
	Title = {{P}ublic opinion and the legal status of marijuana in {A}ustralia.},
	Volume = {23},
	Year = {1993},
	Bdsk-Url-1 = {https://doi.org/10.1177/002204269302300304}}

@article{Palamar:2013,
	Author = {Palamar, Joseph J},
	Doi = {10.1080/02791072.2013.843044},
	Issn = {0279-1072},
	Journal = {Journal of Psychoactive Drugs},
	Number = {5},
	Pages = {367--373},
	Pubmed = {24592661},
	Title = {{A}n examination of beliefs and opinions about drug use in relation to personal stigmatization towards drug users.},
	Volume = {45},
	Year = {2013},
	Bdsk-Url-1 = {https://doi.org/10.1080/02791072.2013.843044}}

@article{Palamar:2011,
	Author = {Palamar, Joseph J and Kiang, Mathew V and Halkitis, Perry N},
	Doi = {10.3109/10826084.2011.596606},
	Issn = {1082-6084},
	Journal = {Substance Use {\&}amp; Misuse},
	Number = {12},
	Pages = {1457--1467},
	Pubmed = {21767076},
	Title = {{D}evelopment and psychometric evaluation of scales that assess stigma associated with illicit drug users.},
	Volume = {46},
	Year = {2011},
	Bdsk-Url-1 = {https://doi.org/10.3109/10826084.2011.596606}}

@article{Palamar:2012,
	Author = {Palamar, Joseph J and Kiang, Mathew V and Halkitis, Perry N},
	Doi = {10.1080/02791072.2012.703510},
	Issn = {0279-1072},
	Journal = {Journal of Psychoactive Drugs},
	Number = {3},
	Pages = {243--251},
	Pubmed = {23061324},
	Title = {{P}redictors of stigmatization towards use of various illicit drugs among emerging adults.},
	Volume = {44},
	Year = {2012},
	Bdsk-Url-1 = {https://doi.org/10.1080/02791072.2012.703510}}

@article{pardo2014cannabis,
	Author = {Pardo, Bryce},
	Journal = {International Journal of Drug Policy},
	Number = {4},
	Pages = {727--735},
	Publisher = {Elsevier},
	Title = {Cannabis policy reforms in the Americas: a comparative analysis of Colorado, Washington, and Uruguay},
	Volume = {25},
	Year = {2014}}

@misc{Pearson:2015,
	Author = {Pearson, M. R.},
	Year = {2015}}

@article{queirolo2019uruguay,
	Author = {Queirolo, Rosario and Rossel, Cecilia and {\'A}lvarez, Eliana and Repetto, Lorena},
	Journal = {Addiction},
	Number = {7},
	Pages = {1313--1321},
	Publisher = {Wiley Online Library},
	Title = {Why Uruguay legalized marijuana? The open window of public insecurity},
	Volume = {114},
	Year = {2019}}

@article{Tankard:2017,
	Author = {Tankard, Margaret E and Paluck, Elizabeth Levy},
	Doi = {10.1177/0956797617709594},
	Issn = {0956-7976},
	Journal = {Psychological Science},
	Number = {9},
	Pages = {1334--1344},
	Pubmed = {28758838},
	Title = {{T}he effect of a supreme court decision regarding gay marriage on social norms and personal attitudes.},
	Volume = {28},
	Year = {2017},
	Bdsk-Url-1 = {https://doi.org/10.1177/0956797617709594}}

@article{Tankard:2016,
	Author = {Tankard, M.E. and Paluck, E.L.},
	Doi = {10.1111/sipr.12022},
	Issn = {1751-2395},
	Journal = {Social Issues and Policy Review},
	Number = {1},
	Pages = {181--211},
	Title = {{N}orm perception as a vehicle for social change.},
	Volume = {10},
	Year = {2016},
	Bdsk-Url-1 = {https://doi.org/10.1111/sipr.12022}}

@article{trajtenberg2018self,
	Author = {Trajtenberg, Nicolas and Menese, Pablo},
	Journal = {Aggression and Violent Behavior},
	Publisher = {Elsevier},
	Title = {Self-control, differential association and the drug--crime link in Uruguay in the context of the legalization of marijuana},
	Year = {2018}}

@article{valera2014perceived,
	Author = {Valera, Sergi and Gu{\`a}rdia, Joan},
	Journal = {Journal of environmental psychology},
	Pages = {195--205},
	Publisher = {Elsevier},
	Title = {Perceived insecurity and fear of crime in a city with low-crime rates},
	Volume = {38},
	Year = {2014}}

@article{vanderSar:2011,
	Author = {van der Sar, R. and Brouwers, E.P.M. and van de Goor, L.A.M. and Garretsen, H.F.L.},
	Doi = {10.3109/09687637.2010.519361},
	Issn = {0968-7637},
	Journal = {Drugs Education Prevention {\&}amp; Policy},
	Number = {3},
	Pages = {161--171},
	Title = {{T}he opinion on {D}utch cannabis policy measures: {A} cross-sectional survey.},
	Volume = {18},
	Year = {2011},
	Bdsk-Url-1 = {https://doi.org/10.3109/09687637.2010.519361}}

@misc{Walsh:2015,
	Author = {Walsh, J. and Ramsey, G.},
	Year = {2015}}

@article{wong2012bringing,
	Author = {Wong, Cara and Bowers, Jake and Williams, Tarah and Simmons, Katherine Drake},
	Journal = {The Journal of Politics},
	Number = {4},
	Pages = {1153--1170},
	Publisher = {Cambridge University Press New York, USA},
	Title = {Bringing the person back in: Boundaries, perceptions, and the measurement of racial context},
	Volume = {74},
	Year = {2012}}
